<record><leader>00000cas a22000007a 4500</leader><controlfield tag="001">10977844</controlfield><controlfield tag="008">840723d19251926nyudr ne      0    0eng d</controlfield><controlfield tag="009">148</controlfield><datafield ind1=" " ind2=" " tag="010"><subfield code="a">sn 84031407 </subfield></datafield><datafield ind1=" " ind2=" " tag="040"><subfield code="a">NYG</subfield><subfield code="b">eng</subfield><subfield code="c">NYG</subfield><subfield code="d">NPX</subfield><subfield code="d">NYS</subfield><subfield code="d">OCLCQ</subfield></datafield><datafield ind1="1" ind2=" " tag="029"><subfield code="a">AU@</subfield><subfield code="b">000023601182</subfield></datafield><datafield ind1=" " ind2=" " tag="042"><subfield code="a">msc</subfield></datafield><datafield ind1="0" ind2=" " tag="130"><subfield code="a">Daily herald (Middletown, N.Y.)</subfield></datafield><datafield ind1="0" ind2="0" tag="245"><subfield code="a">Daily herald.</subfield></datafield><datafield ind1=" " ind2=" " tag="250"><subfield code="a">Port Jervis ed.</subfield></datafield><datafield ind1=" " ind2=" " tag="260"><subfield code="a">Middletown, N.Y. :</subfield><subfield code="b">[Orange County Independent Corp.],</subfield><subfield code="c">1925-</subfield></datafield><datafield ind1=" " ind2=" " tag="300"><subfield code="a">v. :</subfield><subfield code="b">ill.</subfield></datafield><datafield ind1=" " ind2=" " tag="310"><subfield code="a">Daily</subfield></datafield><datafield ind1="0" ind2=" " tag="362"><subfield code="a">Vol. 54, no. 296 (Dec. 18, 1925)-</subfield></datafield><datafield ind1="1" ind2=" " tag="362"><subfield code="a">Ceased in Dec. 1926.</subfield><subfield code="z">Cf. Williams, F.B. Middletown, a biography.</subfield></datafield><datafield ind1=" " ind2=" " tag="500"><subfield code="a">Issues for: Oct.-Dec. 1926 called : Port Jervis ed.</subfield></datafield><datafield ind1=" " ind2=" " tag="530"><subfield code="a">Available on microfilm from the Micro Photo Division of Bell and Howell, and Hudson Micrographics.</subfield></datafield><datafield ind1=" " ind2="4" tag="651"><subfield code="a">Middletown (N.Y.)</subfield><subfield code="v">Newspapers.</subfield></datafield><datafield ind1=" " ind2="4" tag="651"><subfield code="a">Port Jervis (N.Y.)</subfield><subfield code="v">Newspapers.</subfield></datafield><datafield ind1=" " ind2=" " tag="752"><subfield code="a">United States</subfield><subfield code="b">New York</subfield><subfield code="c">Orange</subfield><subfield code="d">Middletown.</subfield></datafield><datafield ind1=" " ind2=" " tag="752"><subfield code="a">United States</subfield><subfield code="b">New York</subfield><subfield code="c">Orange</subfield><subfield code="d">Port Jervis.</subfield></datafield><datafield ind1="0" ind2="0" tag="780"><subfield code="t">Middletown daily herald</subfield><subfield code="w">(DLC)sn 84031402</subfield></datafield><datafield ind1="0" ind2="7" tag="785"><subfield code="t">Middletown times-press</subfield><subfield code="w">(DLC)sn 84035815</subfield></datafield><datafield ind1="0" ind2="7" tag="785"><subfield code="t">Daily herald, Middletown times-press</subfield><subfield code="w">(DLC)sn 84031412</subfield></datafield></record>